%YAML 1.1
%TAG !u! tag:unity3d.com,2011:
--- !u!1 &4819930673044194934
GameObject:
  m_ObjectHideFlags: 0
  m_CorrespondingSourceObject: {fileID: 0}
  m_PrefabInstance: {fileID: 0}
  m_PrefabAsset: {fileID: 0}
  serializedVersion: 6
  m_Component:
  - component: {fileID: 9096843634202470006}
  - component: {fileID: 5619834510477753033}
  - component: {fileID: 4641767164505414153}
  - component: {fileID: 4249815764987515599}
  - component: {fileID: 7955305861227796959}
  - component: {fileID: 5441500976537764379}
  m_Layer: 0
  m_Name: Cone
  m_TagString: Untagged
  m_Icon: {fileID: 0}
  m_NavMeshLayer: 0
  m_StaticEditorFlags: 0
  m_IsActive: 1
--- !u!4 &9096843634202470006
Transform:
  m_ObjectHideFlags: 0
  m_CorrespondingSourceObject: {fileID: 0}
  m_PrefabInstance: {fileID: 0}
  m_PrefabAsset: {fileID: 0}
  m_GameObject: {fileID: 4819930673044194934}
  m_LocalRotation: {x: 0, y: 0, z: 0, w: 1}
  m_LocalPosition: {x: 5.339281, y: 0.19745517, z: 8.121284}
  m_LocalScale: {x: 1, y: 1, z: 1}
  m_ConstrainProportionsScale: 0
  m_Children: []
  m_Father: {fileID: 0}
  m_RootOrder: 0
  m_LocalEulerAnglesHint: {x: 0, y: 0, z: 0}
--- !u!114 &5619834510477753033
MonoBehaviour:
  m_ObjectHideFlags: 0
  m_CorrespondingSourceObject: {fileID: 0}
  m_PrefabInstance: {fileID: 0}
  m_PrefabAsset: {fileID: 0}
  m_GameObject: {fileID: 4819930673044194934}
  m_Enabled: 1
  m_EditorHideFlags: 0
  m_Script: {fileID: 11500000, guid: 8233d90336aea43098adf6dbabd606a2, type: 3}
  m_Name: 
  m_EditorClassIdentifier: 
  m_MeshFormatVersion: 2
  m_Faces:
  - m_Indexes: 000000000100000002000000
    m_SmoothingGroup: 1
    m_Uv:
      m_UseWorldSpace: 0
      m_FlipU: 0
      m_FlipV: 0
      m_SwapUV: 0
      m_Fill: 1
      m_Scale: {x: 1, y: 1}
      m_Offset: {x: 0, y: 0}
      m_Rotation: 0
      m_Anchor: 6
    m_Material: {fileID: 2100000, guid: 31321ba15b8f8eb4c954353edc038b1d, type: 2}
    m_SubmeshIndex: 0
    m_ManualUV: 1
    elementGroup: 0
    m_TextureGroup: -1
  - m_Indexes: 050000000400000003000000
    m_SmoothingGroup: 0
    m_Uv:
      m_UseWorldSpace: 0
      m_FlipU: 0
      m_FlipV: 0
      m_SwapUV: 0
      m_Fill: 1
      m_Scale: {x: 1, y: 1}
      m_Offset: {x: 0, y: 0}
      m_Rotation: 0
      m_Anchor: 9
    m_Material: {fileID: 2100000, guid: 31321ba15b8f8eb4c954353edc038b1d, type: 2}
    m_SubmeshIndex: 0
    m_ManualUV: 0
    elementGroup: 0
    m_TextureGroup: -1
  - m_Indexes: 060000000700000008000000
    m_SmoothingGroup: 1
    m_Uv:
      m_UseWorldSpace: 0
      m_FlipU: 0
      m_FlipV: 0
      m_SwapUV: 0
      m_Fill: 1
      m_Scale: {x: 1, y: 1}
      m_Offset: {x: 0, y: 0}
      m_Rotation: 0
      m_Anchor: 9
    m_Material: {fileID: 2100000, guid: 31321ba15b8f8eb4c954353edc038b1d, type: 2}
    m_SubmeshIndex: 0
    m_ManualUV: 1
    elementGroup: 0
    m_TextureGroup: -1
  - m_Indexes: 0b0000000a00000009000000
    m_SmoothingGroup: 0
    m_Uv:
      m_UseWorldSpace: 0
      m_FlipU: 0
      m_FlipV: 0
      m_SwapUV: 0
      m_Fill: 1
      m_Scale: {x: 1, y: 1}
      m_Offset: {x: 0, y: 0}
      m_Rotation: 0
      m_Anchor: 9
    m_Material: {fileID: 2100000, guid: 31321ba15b8f8eb4c954353edc038b1d, type: 2}
    m_SubmeshIndex: 0
    m_ManualUV: 0
    elementGroup: 0
    m_TextureGroup: -1
  - m_Indexes: 0c0000000d0000000e000000
    m_SmoothingGroup: 1
    m_Uv:
      m_UseWorldSpace: 0
      m_FlipU: 0
      m_FlipV: 0
      m_SwapUV: 0
      m_Fill: 1
      m_Scale: {x: 1, y: 1}
      m_Offset: {x: 0, y: 0}
      m_Rotation: 0
      m_Anchor: 9
    m_Material: {fileID: 2100000, guid: 31321ba15b8f8eb4c954353edc038b1d, type: 2}
    m_SubmeshIndex: 0
    m_ManualUV: 1
    elementGroup: 0
    m_TextureGroup: -1
  - m_Indexes: 11000000100000000f000000
    m_SmoothingGroup: 0
    m_Uv:
      m_UseWorldSpace: 0
      m_FlipU: 0
      m_FlipV: 0
      m_SwapUV: 0
      m_Fill: 1
      m_Scale: {x: 1, y: 1}
      m_Offset: {x: 0, y: 0}
      m_Rotation: 0
      m_Anchor: 9
    m_Material: {fileID: 2100000, guid: 31321ba15b8f8eb4c954353edc038b1d, type: 2}
    m_SubmeshIndex: 0
    m_ManualUV: 0
    elementGroup: 0
    m_TextureGroup: -1
  - m_Indexes: 120000001300000014000000
    m_SmoothingGroup: 1
    m_Uv:
      m_UseWorldSpace: 0
      m_FlipU: 0
      m_FlipV: 0
      m_SwapUV: 0
      m_Fill: 1
      m_Scale: {x: 1, y: 1}
      m_Offset: {x: 0, y: 0}
      m_Rotation: 0
      m_Anchor: 9
    m_Material: {fileID: 2100000, guid: 31321ba15b8f8eb4c954353edc038b1d, type: 2}
    m_SubmeshIndex: 0
    m_ManualUV: 1
    elementGroup: 0
    m_TextureGroup: -1
  - m_Indexes: 170000001600000015000000
    m_SmoothingGroup: 0
    m_Uv:
      m_UseWorldSpace: 0
      m_FlipU: 0
      m_FlipV: 0
      m_SwapUV: 0
      m_Fill: 1
      m_Scale: {x: 1, y: 1}
      m_Offset: {x: 0, y: 0}
      m_Rotation: 0
      m_Anchor: 9
    m_Material: {fileID: 2100000, guid: 31321ba15b8f8eb4c954353edc038b1d, type: 2}
    m_SubmeshIndex: 0
    m_ManualUV: 0
    elementGroup: 0
    m_TextureGroup: -1
  - m_Indexes: 18000000190000001a000000
    m_SmoothingGroup: 1
    m_Uv:
      m_UseWorldSpace: 0
      m_FlipU: 0
      m_FlipV: 0
      m_SwapUV: 0
      m_Fill: 1
      m_Scale: {x: 1, y: 1}
      m_Offset: {x: 0, y: 0}
      m_Rotation: 0
      m_Anchor: 9
    m_Material: {fileID: 2100000, guid: 31321ba15b8f8eb4c954353edc038b1d, type: 2}
    m_SubmeshIndex: 0
    m_ManualUV: 1
    elementGroup: 0
    m_TextureGroup: -1
  - m_Indexes: 1d0000001c0000001b000000
    m_SmoothingGroup: 0
    m_Uv:
      m_UseWorldSpace: 0
      m_FlipU: 0
      m_FlipV: 0
      m_SwapUV: 0
      m_Fill: 1
      m_Scale: {x: 1, y: 1}
      m_Offset: {x: 0, y: 0}
      m_Rotation: 0
      m_Anchor: 9
    m_Material: {fileID: 2100000, guid: 31321ba15b8f8eb4c954353edc038b1d, type: 2}
    m_SubmeshIndex: 0
    m_ManualUV: 0
    elementGroup: 0
    m_TextureGroup: -1
  - m_Indexes: 1e0000001f00000020000000
    m_SmoothingGroup: 1
    m_Uv:
      m_UseWorldSpace: 0
      m_FlipU: 0
      m_FlipV: 0
      m_SwapUV: 0
      m_Fill: 1
      m_Scale: {x: 1, y: 1}
      m_Offset: {x: 0, y: 0}
      m_Rotation: 0
      m_Anchor: 9
    m_Material: {fileID: 2100000, guid: 31321ba15b8f8eb4c954353edc038b1d, type: 2}
    m_SubmeshIndex: 0
    m_ManualUV: 1
    elementGroup: 0
    m_TextureGroup: -1
  - m_Indexes: 230000002200000021000000
    m_SmoothingGroup: 0
    m_Uv:
      m_UseWorldSpace: 0
      m_FlipU: 0
      m_FlipV: 0
      m_SwapUV: 0
      m_Fill: 1
      m_Scale: {x: 1, y: 1}
      m_Offset: {x: 0, y: 0}
      m_Rotation: 0
      m_Anchor: 9
    m_Material: {fileID: 2100000, guid: 31321ba15b8f8eb4c954353edc038b1d, type: 2}
    m_SubmeshIndex: 0
    m_ManualUV: 0
    elementGroup: 0
    m_TextureGroup: -1
  m_SharedVertices:
  - m_Vertices: 00000000030000001f00000022000000
  - m_Vertices: 01000000040000000600000009000000
  - m_Vertices: 02000000080000000e000000140000001a00000020000000
  - m_Vertices: 050000000b00000011000000170000001d00000023000000
  - m_Vertices: 070000000a0000000c0000000f000000
  - m_Vertices: 0d000000100000001200000015000000
  - m_Vertices: 1300000016000000180000001b000000
  - m_Vertices: 190000001c0000001e00000021000000
  m_SharedTextures: []
  m_Positions:
  - {x: 0.5046768, y: 0, z: -0.39991283}
  - {x: 0.3785076, y: 0, z: -0.74624753}
  - {x: 0.2523384, y: 0.41146052, z: -0.39991283}
  - {x: 0.5046768, y: 0, z: -0.39991283}
  - {x: 0.3785076, y: 0, z: -0.74624753}
  - {x: 0.2523384, y: 0, z: -0.39991283}
  - {x: 0.3785076, y: 0, z: -0.74624753}
  - {x: 0.12616919, y: 0, z: -0.74624753}
  - {x: 0.2523384, y: 0.41146052, z: -0.39991283}
  - {x: 0.3785076, y: 0, z: -0.74624753}
  - {x: 0.12616919, y: 0, z: -0.74624753}
  - {x: 0.2523384, y: 0, z: -0.39991283}
  - {x: 0.12616919, y: 0, z: -0.74624753}
  - {x: 0, y: 0, z: -0.3999128}
  - {x: 0.2523384, y: 0.41146052, z: -0.39991283}
  - {x: 0.12616919, y: 0, z: -0.74624753}
  - {x: 0, y: 0, z: -0.3999128}
  - {x: 0.2523384, y: 0, z: -0.39991283}
  - {x: 0, y: 0, z: -0.3999128}
  - {x: 0.12616923, y: 0, z: -0.05357814}
  - {x: 0.2523384, y: 0.41146052, z: -0.39991283}
  - {x: 0, y: 0, z: -0.3999128}
  - {x: 0.12616923, y: 0, z: -0.05357814}
  - {x: 0.2523384, y: 0, z: -0.39991283}
  - {x: 0.12616923, y: 0, z: -0.05357814}
  - {x: 0.37850758, y: 0, z: -0.05357814}
  - {x: 0.2523384, y: 0.41146052, z: -0.39991283}
  - {x: 0.12616923, y: 0, z: -0.05357814}
  - {x: 0.37850758, y: 0, z: -0.05357814}
  - {x: 0.2523384, y: 0, z: -0.39991283}
  - {x: 0.37850758, y: 0, z: -0.05357814}
  - {x: 0.5046768, y: 0, z: -0.39991283}
  - {x: 0.2523384, y: 0.41146052, z: -0.39991283}
  - {x: 0.37850758, y: 0, z: -0.05357814}
  - {x: 0.5046768, y: 0, z: -0.39991283}
  - {x: 0.2523384, y: 0, z: -0.39991283}
  m_Textures0:
  - {x: 0.5046769, y: 0}
  - {x: 0, y: 0.000000029802322}
  - {x: 0.25233847, y: 0.60026973}
  - {x: -0.5046768, y: -0.39991283}
  - {x: -0.3785076, y: -0.74624753}
  - {x: -0.2523384, y: -0.39991283}
  - {x: 0.5046769, y: 0}
  - {x: 0, y: 0.000000029802322}
  - {x: 0.25233847, y: 0.60026973}
  - {x: -0.3785076, y: -0.74624753}
  - {x: -0.12616919, y: -0.74624753}
  - {x: -0.2523384, y: -0.39991283}
  - {x: 0.5046769, y: 0}
  - {x: 0, y: 0.000000029802322}
  - {x: 0.25233847, y: 0.60026973}
  - {x: -0.12616919, y: -0.74624753}
  - {x: 0, y: -0.3999128}
  - {x: -0.2523384, y: -0.39991283}
  - {x: 0.5046769, y: 0}
  - {x: 0, y: 0.000000029802322}
  - {x: 0.25233847, y: 0.60026973}
  - {x: 0, y: -0.3999128}
  - {x: -0.12616923, y: -0.05357814}
  - {x: -0.2523384, y: -0.39991283}
  - {x: 0.5046769, y: 0}
  - {x: 0, y: 0.000000029802322}
  - {x: 0.25233847, y: 0.60026973}
  - {x: -0.12616923, y: -0.05357814}
  - {x: -0.37850758, y: -0.05357814}
  - {x: -0.2523384, y: -0.39991283}
  - {x: 0.5046769, y: 0}
  - {x: 0, y: 0.000000029802322}
  - {x: 0.25233847, y: 0.60026973}
  - {x: -0.37850758, y: -0.05357814}
  - {x: -0.5046768, y: -0.39991283}
  - {x: -0.2523384, y: -0.39991283}
  m_Textures2: []
  m_Textures3: []
  m_Tangents:
  - {x: 0.09780894, y: -0.15948637, z: 0.98234284, w: -1}
  - {x: 0.5820388, y: 0.29073235, z: 0.75941133, w: -1}
  - {x: 0.34229243, y: -0.0000000937661, z: 0.9395935, w: -1}
  - {x: -1, y: 0, z: 0, w: -1}
  - {x: -1, y: 0, z: 0, w: -1}
  - {x: -1, y: 0, z: 0, w: -1}
  - {x: 0.88655734, y: -0.33899528, z: 0.31479898, w: -1}
  - {x: 0.88655734, y: 0.33899537, z: -0.31479877, w: -1}
  - {x: 1, y: -7.1054274e-15, z: 0.000000068142214, w: -1}
  - {x: -1, y: 0, z: 0, w: -1}
  - {x: -1, y: 0, z: 0, w: -1}
  - {x: -1, y: 0, z: 0, w: -1}
  - {x: 0.5820388, y: -0.29073223, z: -0.7594114, w: -1}
  - {x: 0.09780897, y: 0.1594865, z: -0.98234284, w: -1}
  - {x: 0.34229246, y: 0.000000093766104, z: -0.9395935, w: -1}
  - {x: -1, y: 0, z: 0, w: -1}
  - {x: -1, y: 0, z: 0, w: -1}
  - {x: -1, y: 0, z: 0, w: -1}
  - {x: -0.09780904, y: -0.15948638, z: -0.98234284, w: -1}
  - {x: -0.5820388, y: 0.29073235, z: -0.7594113, w: -1}
  - {x: -0.34229252, y: 0.0000000937661, z: -0.93959343, w: -1}
  - {x: -1, y: 0, z: 0, w: -1}
  - {x: -1, y: 0, z: 0, w: -1}
  - {x: -1, y: 0, z: 0, w: -1}
  - {x: -0.8865573, y: -0.33899516, z: -0.31479892, w: -1}
  - {x: -0.88655734, y: 0.3389953, z: 0.31479874, w: -1}
  - {x: -1, y: 7.1054274e-15, z: -0.00000006814224, w: -1}
  - {x: -1, y: 0, z: 0, w: -1}
  - {x: -1, y: 0, z: 0, w: -1}
  - {x: -1, y: 0, z: 0, w: -1}
  - {x: -0.58203894, y: -0.29073226, z: 0.7594113, w: -1}
  - {x: -0.09780909, y: 0.15948649, z: 0.98234284, w: -1}
  - {x: -0.34229255, y: -0.0000000937661, z: 0.93959343, w: -1}
  - {x: -1, y: 0, z: 0, w: -1}
  - {x: -1, y: 0, z: 0, w: -1}
  - {x: -1, y: 0, z: 0, w: -1}
  m_Colors: []
  m_UnwrapParameters:
    m_HardAngle: 88
    m_PackMargin: 30
    m_AngleError: 8
    m_AreaError: 15
  m_PreserveMeshAssetOnDestroy: 0
  assetGuid: 
  m_Mesh: {fileID: 0}
  m_VersionIndex: 1585
  m_IsSelectable: 1
  m_SelectedFaces: 
  m_SelectedEdges: []
  m_SelectedVertices: 
--- !u!114 &4641767164505414153
MonoBehaviour:
  m_ObjectHideFlags: 0
  m_CorrespondingSourceObject: {fileID: 0}
  m_PrefabInstance: {fileID: 0}
  m_PrefabAsset: {fileID: 0}
  m_GameObject: {fileID: 4819930673044194934}
  m_Enabled: 1
  m_EditorHideFlags: 0
  m_Script: {fileID: 11500000, guid: 1ca002da428252441b92f28d83c8a65f, type: 3}
  m_Name: 
  m_EditorClassIdentifier: 
  m_Shape:
    rid: 4584791348328267785
  m_Size: {x: 0.5046768, y: 0.41146052, z: -0.79982567}
  m_Rotation: {x: 0, y: 0, z: 0, w: 1}
  m_PivotLocation: 1
  m_PivotPosition: {x: 0, y: 0, z: 0}
  m_UnmodifiedMeshVersion: 1585
  m_ShapeBox:
    m_Center: {x: 0.2523384, y: 0.20573026, z: -0.39991283}
    m_Extent: {x: 0.5046768, y: 0.20573026, z: 0.5046768}
  references:
    version: 2
    RefIds:
    - rid: 4584791348328267785
      type: {class: Cone, ns: UnityEngine.ProBuilder.Shapes, asm: Unity.ProBuilder}
      data:
        m_NumberOfSides: 6
        m_Smooth: 1
--- !u!23 &4249815764987515599
MeshRenderer:
  m_ObjectHideFlags: 0
  m_CorrespondingSourceObject: {fileID: 0}
  m_PrefabInstance: {fileID: 0}
  m_PrefabAsset: {fileID: 0}
  m_GameObject: {fileID: 4819930673044194934}
  m_Enabled: 1
  m_CastShadows: 1
  m_ReceiveShadows: 1
  m_DynamicOccludee: 1
  m_StaticShadowCaster: 0
  m_MotionVectors: 1
  m_LightProbeUsage: 1
  m_ReflectionProbeUsage: 1
  m_RayTracingMode: 2
  m_RayTraceProcedural: 0
  m_RenderingLayerMask: 1
  m_RendererPriority: 0
  m_Materials:
  - {fileID: 2100000, guid: 25a9fb42d361f46ad89221f6d301e96e, type: 2}
  m_StaticBatchInfo:
    firstSubMesh: 0
    subMeshCount: 0
  m_StaticBatchRoot: {fileID: 0}
  m_ProbeAnchor: {fileID: 0}
  m_LightProbeVolumeOverride: {fileID: 0}
  m_ScaleInLightmap: 1
  m_ReceiveGI: 1
  m_PreserveUVs: 0
  m_IgnoreNormalsForChartDetection: 0
  m_ImportantGI: 0
  m_StitchLightmapSeams: 1
  m_SelectedEditorRenderState: 2
  m_MinimumChartSize: 4
  m_AutoUVMaxDistance: 0.5
  m_AutoUVMaxAngle: 89
  m_LightmapParameters: {fileID: 0}
  m_SortingLayerID: 0
  m_SortingLayer: 0
  m_SortingOrder: 0
  m_AdditionalVertexStreams: {fileID: 0}
--- !u!33 &7955305861227796959
MeshFilter:
  m_ObjectHideFlags: 0
  m_CorrespondingSourceObject: {fileID: 0}
  m_PrefabInstance: {fileID: 0}
  m_PrefabAsset: {fileID: 0}
  m_GameObject: {fileID: 4819930673044194934}
  m_Mesh: {fileID: 0}
--- !u!64 &5441500976537764379
MeshCollider:
  m_ObjectHideFlags: 0
  m_CorrespondingSourceObject: {fileID: 0}
  m_PrefabInstance: {fileID: 0}
  m_PrefabAsset: {fileID: 0}
  m_GameObject: {fileID: 4819930673044194934}
  m_Material: {fileID: 0}
  m_IsTrigger: 0
  m_Enabled: 1
  serializedVersion: 4
  m_Convex: 0
  m_CookingOptions: 30
  m_Mesh: {fileID: 0}
